@Inproceedings{herlihy06,
    author = {Tali Moreshet and R. Iris Bahar and Maurice Herlihy},
    title = {Energy-Aware Microprocessor Synchronization: Transactional Memory vs. Locks },
    booktitle = {Proc. of the Workshop on Memory Performance Issues},
    year = {2006},
    month = {February}
}

@mastersthesis{bandeira10,
    author = {Rafael de Le\~ao Bandeira},
    title  = {Compilador para a linguagem CMTJava},
    school = {Universidade Federal de Pelotas},
    year   = {2010},
    type = {Trabalho de Conclus\~{a}o de Curso (Bacharelado em Ci\^{e}ncia da Computa\c{c}\~{a}o)}
}

@inproceedings{herlihy93,
    author = {Maurice Herlihy and J. Eliot and B. Moss},
    title = {Transactional Memory: Architectural Support for Lock-Free Data Structures},
    booktitle = {in Proc. of the 20th Annual Intl. Symposium on Computer Architecture},
    year = {1993},
    pages = {289--300}
}

@mastersthesis{baldassinTese09,
    author = {Alexandro José Baldassin},
    title  = {Explorando Mem\'{o}ria Transacional em Software nos Contextos de Arquiteturas Assim\'{e}tricas, Jogos Computacionais e Consumo de Energia},
    school = {Universidade Estadual de Campinas},
    year   = {2009},
    type   = {Disserta\c{c}\~{a}o de Doutorado}
}

@article{harris10,
    author = {Harris ,  Tim  and  Larus ,  James  and  Rajwar ,  Ravi },
    title = {Transactional Memory, 2nd edition},
    journal = {Synthesis Lectures on Computer Architecture},
    volume = {5},
    number = {1},
    pages = {1-263},
    year = {2010},
    doi = {10.2200/S00272ED1V01Y201006CAC011},
    eprint = {http://www.morganclaypool.com/doi/pdf/10.2200/S00272ED1V01Y201006CAC011}
}

@misc{rigo07,
  title = {Memorias Transacionais: Uma Nova Alternativa para Programação Concorrente},
  author={Rigo, Sandro and Centoducatte, Paulo and Baldassin, Alexandro},
  year={2007},
  publisher={In Proceedings of the 19th International Symposium on Computer Architecture and High Performance Computing},
}

@ARTICLE{sanzo17, 
author={P. Di Sanzo}, 
journal={IEEE Transactions on Parallel and Distributed Systems}, 
title={Analysis, Classification and Comparison of Scheduling Techniques for Software Transactional Memories}, 
year={2017}, 
volume={28}, 
number={12}, 
pages={3356-3373}, 
keywords={concurrency (computers);scheduling;storage management;transaction processing;concurrent applications;specialised transaction/thread scheduling support;performance-effective TM systems;software transactional memories;different scheduling strategies;classification;practical programming paradigm;Benchmark testing;Job shop scheduling;Message systems;Synchronization;Instruction sets;Programming;Throughput;Transactional memory;transaction scheduling;concurrent applications;performance optimization}, 
doi={10.1109/TPDS.2017.2740285}, 
ISSN={1045-9219}, 
month={Dec},}

@inproceedings{dolev08,
  title={CAR-STM: scheduling-based collision avoidance and resolution for software transactional memory},
  author={Dolev, Shlomi and Hendler, Danny and Suissa, Adi},
  booktitle={Proceedings of the twenty-seventh ACM symposium on Principles of distributed computing},
  pages={125--134},
  year={2008},
  organization={ACM}
}

@inproceedings{yoo08,
  title={Adaptive transaction scheduling for transactional memory systems},
  author={Yoo, Richard M and Lee, Hsien-Hsin S},
  booktitle={Proceedings of the twentieth annual symposium on Parallelism in algorithms and architectures},
  pages={169--178},
  year={2008},
  organization={ACM}
}

@inproceedings{dragojevic09,
  title={Preventing versus curing: avoiding conflicts in transactional memories},
  author={Dragojevi{\'c}, Aleksandar and Guerraoui, Rachid and Singh, Anmol V and Singh, Vasu},
  booktitle={Proceedings of the 28th ACM symposium on Principles of distributed computing},
  pages={7--16},
  year={2009},
  organization={ACM}
}

@article{nicacio13,
  title={Transaction scheduling using dynamic conflict avoidance},
  author={Nic{\'a}cio, Daniel and Baldassin, Alexandro and Ara{\'u}jo, Guido},
  journal={International Journal of Parallel Programming},
  volume={41},
  number={1},
  pages={89--110},
  year={2013},
  publisher={Springer}
}

@inproceedings{rughetti12,
  title={Machine learning-based self-adjusting concurrency in software transactional memory systems},
  author={Rughetti, Diego and Di Sanzo, Pierangelo and Ciciani, Bruno and Quaglia, Francesco},
  booktitle={Modeling, Analysis \& Simulation of Computer and Telecommunication Systems (MASCOTS), 2012 IEEE 20th International Symposium on},
  pages={278--285},
  year={2012},
  organization={IEEE}
}

@inproceedings{sanzo13,
  title={Regulating concurrency in software transactional memory: An effective model-based approach},
  author={Di Sanzo, Pierangelo and Del Re, Francesco and Rughetti, Diego and Ciciani, Bruno and Quaglia, Francesco},
  booktitle={2013 IEEE 7th International Conference on Self-Adaptive and Self-Organizing Systems},
  pages={31--40},
  year={2013},
  organization={IEEE}
}

@inproceedings{rughetti14,
  title={Analytical/ml mixed approach for concurrency regulation in software transactional memory},
  author={Rughetti, Diego and Di Sanzo, Pierangelo and Ciciani, Bruno and Quaglia, Francesco},
  booktitle={2014 14th IEEE/ACM International Symposium on Cluster, Cloud and Grid Computing (CCGrid)},
  pages={81--91},
  year={2014},
  organization={IEEE}
}

@inproceedings{carissimi07,
  title={Aspectos de Programa{\c{c}}{\~a}o Paralela em M{\'a}quinas NUMA},
  author={Carissimi, AS and Dupros, Fabrice and M{\'e}haut, Jean-Fran{\c{c}}ois and Polanczyk, Rafael Vanoni},
  booktitle={Minicurso do Workshop em Sistemas Computacionais de Alto Desempenho},
  year={2007}
}

@MastersThesis{rodolfo14,
   author =       "Rodolfo Migon Favaretto",
   title =        "Escalonamento dinâmico em nível aplicativo sensível à arquitetura e às dependências de dados entre as tarefas",
   school =       "PPGC/UFPEL",
   year =         "2014",
   type =         "Dissertação de Mestrado",
   address =      "Pelotas/RS"
}

@MastersThesis{teixeira15,
   author =       "Felipe Leivas Teixeira",
   title =        "Análise do Impacto de Diferentes Versionamentos de Dados das Memórias Transacionais sobre Memórias Phase-Change",
   school =       "PPGC/UFPEL",
   year =         "2015",
   type =         "Dissertação de Mestrado",
   address =      "Pelotas/RS"
}